@book{the-implementation-of-functional-programming-languages,
	author = {Peyton Jones, S.},
	title = {The Implementation of Functional Programming Languages},
	booktitle = {The Implementation of Functional Programming Languages},
	year = {1987},
	month = {January},
	publisher = {Prentice Hall},
	url = {https://www.microsoft.com/en-us/research/publication/the-implementation-of-functional-programming-languages/}
}

@misc{foundations-of-functional-programming,
	title={{Foundations of Functional Programming}},
	author={Paulson, L. C},
	note={online at: \url{http://www.cl.cam.ac.uk/~lp15/papers/Notes/Founds-FP.pdf}},
	year={2000}
}